@article{o1996log,
  title={The log-structured merge-tree (LSM-tree)},
  author={O’Neil, Patrick and Cheng, Edward and Gawlick, Dieter and O’Neil, Elizabeth},
  journal={Acta Informatica},
  volume={33},
  number={4},
  pages={351--385},
  year={1996},
  publisher={Springer}
}

@inproceedings{wu1994envy,
  title={eNVy: a non-volatile, main memory storage system},
  author={Wu, Michael and Zwaenepoel, Willy},
  booktitle={ACM SIGOPS Operating Systems Review},
  volume={28},
  number={5},
  pages={86--97},
  year={1994},
  organization={ACM}
}

@article{smith1985disk,
  title={Disk cache—miss ratio analysis and design considerations},
  author={Smith, Alan J},
  journal={ACM Transactions on Computer Systems (TOCS)},
  volume={3},
  number={3},
  pages={161--203},
  year={1985},
  publisher={ACM}
}

@article{boden1995myrinet,
  title={Myrinet: A gigabit-per-second local area network},
  author={Boden, Nanette J and Cohen, Danny and Felderman, Robert E and Kulawik, Alan E. and Seitz, Charles L and Seizovic, Jakov N and Su, Wen-King},
  journal={IEEE micro},
  volume={15},
  number={1},
  pages={29--36},
  year={1995},
  publisher={IEEE}
}

@book{osbook,
 title={Operating Systems: Three Easy Pieces},
 author={Remzi Arpaci-Dusseau, Andrea Arpaci-Dusseau},
 year={2016},
 publisher={Arpaci-Dusseau Books, LLC}
}

@incollection{micheloni2010nand,
  title={NAND overview: from memory to systems},
  author={Micheloni, Rino and Marelli, A and Commodaro, S},
  booktitle={Inside NAND Flash Memories},
  pages={19--53},
  year={2010},
  publisher={Springer}
}

@article{kim2002space,
  title={A space-efficient flash translation layer for CompactFlash systems},
  author={Kim, Jesung and Kim, Jong Min and Noh, Sam H and Min, Sang Lyul and Cho, Yookun},
  journal={IEEE Transactions on Consumer Electronics},
  volume={48},
  number={2},
  pages={366--375},
  year={2002},
  publisher={IEEE}
}

@article{rosenblum1992design,
  title={The design and implementation of a log-structured file system},
  author={Rosenblum, Mendel and Ousterhout, John K},
  journal={ACM Transactions on Computer Systems (TOCS)},
  volume={10},
  number={1},
  pages={26--52},
  year={1992},
  publisher={ACM}
}

@inproceedings{colgrove2015purity,
  title={Purity: Building fast, highly-available enterprise flash storage from commodity components},
  author={Colgrove, John and Davis, John D and Hayes, John and Miller, Ethan L and Sandvig, Cary and Sears, Russell and Tamches, Ari and Vachharajani, Neil and Wang, Feng},
  booktitle={Proceedings of the 2015 ACM SIGMOD International Conference on Management of Data},
  pages={1683--1694},
  year={2015},
  organization={ACM}
}

@book{kingman1993poisson,
  title={Poisson processes},
  author={Kingman, John Frank Charles},
  year={1993},
  publisher={Wiley Online Library}
}

@article{buzen1973computational,
  title={Computational algorithms for closed queueing networks with exponential servers},
  author={Buzen, Jeffrey P},
  journal={Communications of the ACM},
  volume={16},
  number={9},
  pages={527--531},
  year={1973},
  publisher={ACM}
}

@article{pfister2001introduction,
  title={An introduction to the infiniband architecture},
  author={Pfister, Gregory F},
  journal={High Performance Mass Storage and Parallel I/O},
  volume={42},
  pages={617--632},
  year={2001},
  publisher={chapter42}
}